<record><leader>00000cas a2200000 a 4500</leader><controlfield tag="001">10368638</controlfield><controlfield tag="008">840202d18551858vtuwr ne      0    0eng c</controlfield><datafield ind1=" " ind2=" " tag="010"><subfield code="a">sn 84022365 </subfield></datafield><datafield ind1=" " ind2=" " tag="040"><subfield code="a">NPX</subfield><subfield code="b">eng</subfield><subfield code="c">NPX</subfield><subfield code="d">DLC</subfield><subfield code="d">MGN</subfield><subfield code="d">NVN</subfield><subfield code="d">OCL</subfield><subfield code="d">NVN</subfield><subfield code="d">DLC</subfield><subfield code="d">OCLCQ</subfield><subfield code="d">OCLCA</subfield><subfield code="d">OCLCF</subfield></datafield><datafield ind1=" " ind2=" " tag="042"><subfield code="a">pcc</subfield></datafield><datafield ind1=" " ind2=" " tag="043"><subfield code="a">n-us-vt</subfield></datafield><datafield ind1="0" ind2="0" tag="050"><subfield code="a">Newspaper</subfield></datafield><datafield ind1="0" ind2=" " tag="130"><subfield code="a">Rutland herald (Rutland, Vt. : 1855)</subfield></datafield><datafield ind1="1" ind2="0" tag="245"><subfield code="a">Rutland herald.</subfield></datafield><datafield ind1=" " ind2=" " tag="260"><subfield code="a">Rutland, Vt. :</subfield><subfield code="b">Printed for C.H. Hayden by G.A. Tuttle &amp; Co.,</subfield><subfield code="c">1855-1858.</subfield></datafield><datafield ind1=" " ind2=" " tag="300"><subfield code="a">v. :</subfield><subfield code="b">ill. ;</subfield><subfield code="c">60 cm.</subfield></datafield><datafield ind1=" " ind2=" " tag="310"><subfield code="a">Weekly</subfield></datafield><datafield ind1="0" ind2=" " tag="362"><subfield code="a">Vol. 61, no. 9 (Mar. 2, 1855)-v. 62, no. 3 (Jan. 18, 1856) = whole no. 3124-3170 ; v. 62, no. 4 (Jan. 25, 1856)-v. 64, no. 52 (Dec. 30, 1858).</subfield></datafield><datafield ind1=" " ind2="0" tag="651"><subfield code="a">Rutland (Vt.)</subfield><subfield code="v">Newspapers.</subfield></datafield><datafield ind1=" " ind2="0" tag="651"><subfield code="a">Rutland County (Vt.)</subfield><subfield code="v">Newspapers.</subfield></datafield><datafield ind1=" " ind2="0" tag="651"><subfield code="a">Vermont</subfield><subfield code="v">Newspapers.</subfield></datafield><datafield ind1=" " ind2="7" tag="655"><subfield code="a">Newspapers.</subfield><subfield code="2">fast</subfield><subfield code="0">(OCoLC)fst01423814</subfield></datafield><datafield ind1=" " ind2="7" tag="651"><subfield code="a">Vermont.</subfield><subfield code="2">fast</subfield><subfield code="0">(OCoLC)fst01204305</subfield></datafield><datafield ind1=" " ind2="7" tag="651"><subfield code="a">Vermont</subfield><subfield code="z">Rutland.</subfield><subfield code="2">fast</subfield><subfield code="0">(OCoLC)fst01214597</subfield></datafield><datafield ind1=" " ind2="7" tag="651"><subfield code="a">Vermont</subfield><subfield code="z">Rutland County.</subfield><subfield code="2">fast</subfield><subfield code="0">(OCoLC)fst01211879</subfield></datafield><datafield ind1=" " ind2=" " tag="752"><subfield code="a">United States</subfield><subfield code="b">Vermont</subfield><subfield code="c">Rutland</subfield><subfield code="d">Rutland.</subfield></datafield><datafield ind1="0" ind2="0" tag="780"><subfield code="t">Rutland County herald (Rutland, Vt. : 1852)</subfield><subfield code="x">2166-1995</subfield><subfield code="w">(DLC)sn 84022366</subfield><subfield code="w">(OCoLC)10368726</subfield></datafield><datafield ind1="0" ind2="0" tag="785"><subfield code="t">Rutland weekly herald (Rutland, Vt. : 1859)</subfield><subfield code="w">(DLC)sn 84022367</subfield><subfield code="w">(OCoLC)2267361</subfield></datafield></record>